
@article{freeman_waite_etal_2020, 
  title={Coronavirus conspiracy beliefs, mistrust, and compliance with government guidelines in England}, 
  DOI={10.1017/S0033291720001890}, journal={Psychological Medicine}, 
  publisher={Cambridge University Press}, 
  author={Freeman, Daniel and Waite, Felicity and Rosebrock, Laina and Petit, Ariane and Causier, Chiara and East, Anna and Jenner, Lucy and Teale, Ashley-Louise and Carr, Lydia and Mulhall, Sophie and et al.}, 
  year={2020}, 
  pages={1–13}
}
@article{williamson_2021, 
  title={Rioters Followed a Long Conspiratorial Road to the Capitol}, 
  url={https://www.nytimes.com/2021/01/27/us/politics/capitol-riot-conspiracies.html}, 
  journal={The New York Times}, 
  author={Williamson, Elizabeth}, 
  year={2021}, 
  month={Jan}
} 
@article{DBLP:journals/corr/abs-1910-01108,
  author    = {Victor Sanh and
               Lysandre Debut and
               Julien Chaumond and
               Thomas Wolf},
  title     = {DistilBERT, a distilled version of {BERT:} smaller, faster, cheaper
               and lighter},
  journal   = {CoRR},
  volume    = {abs/1910.01108},
  year      = {2019},
  url       = {http://arxiv.org/abs/1910.01108},
  archivePrefix = {arXiv},
  eprint    = {1910.01108},
  timestamp = {Tue, 02 Jun 2020 12:48:59 +0200},
  biburl    = {https://dblp.org/rec/journals/corr/abs-1910-01108.bib},
  bibsource = {dblp computer science bibliography, https://dblp.org}
}
@inproceedings{Lundberg_2017,
  author = {Lundberg, Scott M. and Lee, Su-In},
  title = {A Unified Approach to Interpreting Model Predictions},
  year = {2017},
  isbn = {9781510860964},
  publisher = {Curran Associates Inc.},
  address = {Red Hook, NY, USA},
  booktitle = {Proceedings of the 31st International Conference on Neural Information Processing Systems},
  pages = {4768–4777},
  numpages = {10},
  location = {Long Beach, California, USA},
  series = {NIPS'17}
}
@article{guidotti2018survey,
  title={A survey of methods for explaining black box models},
  author={Guidotti, Riccardo and Monreale, Anna and Ruggieri, Salvatore and Turini, Franco and Giannotti, Fosca and Pedreschi, Dino},
  journal={ACM computing surveys (CSUR)},
  volume={51},
  number={5},
  pages={1--42},
  year={2018},
  publisher={ACM New York, NY, USA}
}
@inproceedings{NEURIPS2020_c7bf0b7c,
 author = {Covert, Ian and Lundberg, Scott M and Lee, Su-In},
 booktitle = {Advances in Neural Information Processing Systems},
 editor = {H. Larochelle and M. Ranzato and R. Hadsell and M. F. Balcan and H. Lin},
 pages = {17212--17223},
 publisher = {Curran Associates, Inc.},
 title = {Understanding Global Feature Contributions With Additive Importance Measures},
 volume = {33},
 year = {2020}
}
@online{ctshiffmanciting,
  author = {Shiffman, Naomi},
  title = {Citing CrowdTangle Data},
  year = 2021,
  url = {https://help.crowdtangle.com/en/articles/3192685-citing-crowdtangle-data},
  urldate = {2021-03-30}
}
@article{yablokov2015conspiracy,
  title={Conspiracy theories as a Russian public diplomacy tool: The case of {Russia Today (RT)}},
  author={Yablokov, Ilya},
  journal={Politics},
  volume={35},
  number={3-4},
  pages={301--315},
  year={2015},
  publisher={SAGE Publications Sage UK: London, England}
}
@article{scikit-learn,
 title={Scikit-learn: Machine Learning in {P}ython},
 author={Pedregosa, F. and Varoquaux, G. and Gramfort, A. and Michel, V.
         and Thirion, B. and Grisel, O. and Blondel, M. and Prettenhofer, P.
         and Weiss, R. and Dubourg, V. and Vanderplas, J. and Passos, A. and
         Cournapeau, D. and Brucher, M. and Perrot, M. and Duchesnay, E.},
 journal={Journal of Machine Learning Research},
 volume={12},
 pages={2825--2830},
 year={2011}
}
@article{sanh2020distilbert,
  author    = {Victor Sanh and
               Lysandre Debut and
               Julien Chaumond and
               Thomas Wolf},
  title     = {DistilBERT, a distilled version of {BERT:} smaller, faster, cheaper
               and lighter},
  journal   = {CoRR},
  volume    = {abs/1910.01108},
  year      = {2019},
  eprint    = {1910.01108},
  timestamp = {Tue, 02 Jun 2020 12:48:59 +0200},
  biburl    = {https://dblp.org/rec/journals/corr/abs-1910-01108.bib},
  bibsource = {dblp computer science bibliography, https://dblp.org}
}
@inproceedings{wolf-etal-2020-transformers,
    title = "Transformers: State-of-the-Art Natural Language Processing",
    author = "Thomas Wolf and Lysandre Debut and Victor Sanh and Julien Chaumond and Clement Delangue and Anthony Moi and Pierric Cistac and Tim Rault and Rémi Louf and Morgan Funtowicz and Joe Davison and Sam Shleifer and Patrick von Platen and Clara Ma and Yacine Jernite and Julien Plu and Canwen Xu and Teven Le Scao and Sylvain Gugger and Mariama Drame and Quentin Lhoest and Alexander M. Rush",
    booktitle = "Proceedings of the 2020 Conference on Empirical Methods in Natural Language Processing: System Demonstrations",
    month = oct,
    year = "2020",
    address = "Online",
    publisher = "Association for Computational Linguistics",
    pages = "38--45"
}
@inproceedings{DBLP:journals/corr/KingmaB14,
  author    = {Diederik P. Kingma and
               Jimmy Ba},
  editor    = {Yoshua Bengio and
               Yann LeCun},
  title     = {Adam: {A} Method for Stochastic Optimization},
  booktitle = {3rd International Conference on Learning Representations, {ICLR} 2015,
               San Diego, CA, USA, May 7-9, 2015, Conference Track Proceedings},
  year      = {2015},
  timestamp = {Thu, 25 Jul 2019 14:25:37 +0200},
  biburl    = {https://dblp.org/rec/journals/corr/KingmaB14.bib},
  bibsource = {dblp computer science bibliography, https://dblp.org}
}
@inproceedings{krishnan2017palm,
  title={Palm: Machine learning explanations for iterative debugging},
  author={Krishnan, Sanjay and Wu, Eugene},
  booktitle={Proceedings of the 2nd Workshop on Human-In-the-Loop Data Analytics},
  pages={1--6},
  year={2017}
}
